<?xml version="1.0" encoding="UTF-8"?><record xmlns="http://www.loc.gov/MARC21/slim" xmlns:cinclude="http://apache.org/cocoon/include/1.0" xmlns:zs="http://www.loc.gov/zing/srw/">
  <leader>00499cz  a2200133n  4500</leader>
  <controlfield tag="001">n 2004026092</controlfield>
  <controlfield tag="003">DLC</controlfield>
  <controlfield tag="005">20040206155012.0</controlfield>
  <controlfield tag="008">040203n| acannaabn          |a ana      </controlfield>
  <datafield tag="010" ind1=" " ind2=" ">
    <subfield code="a">n 2004026092</subfield>
  </datafield>
  <datafield tag="040" ind1=" " ind2=" ">
    <subfield code="a">DLC</subfield>
    <subfield code="b">eng</subfield>
    <subfield code="c">DLC</subfield>
  </datafield>
  <datafield tag="110" ind1="2" ind2=" ">
    <subfield code="a">Association recontres médiévales européenes</subfield>
  </datafield>
  <datafield tag="410" ind1="2" ind2=" ">
    <subfield code="a">Recontres médiévales européenes</subfield>
  </datafield>
  <datafield tag="670" ind1=" " ind2=" ">
    <subfield code="a">Rhétorique et poétique au Moyen Age, 2002:</subfield>
    <subfield code="b">t.p. (Association recontres médiévales européenes) ser. t.p. (Recontres médiévales européenes)</subfield>
  </datafield>
</record>